<record><leader>00000cas a22000007a 4500</leader><controlfield tag="001">12499572</controlfield><controlfield tag="008">850906d19151925mtuwr ne      0    0eng d</controlfield><datafield ind1=" " ind2=" " tag="010"><subfield code="a">sn 85053259 </subfield></datafield><datafield ind1=" " ind2=" " tag="040"><subfield code="a">MTL</subfield><subfield code="b">eng</subfield><subfield code="c">MTL</subfield><subfield code="d">OCLCQ</subfield></datafield><datafield ind1=" " ind2=" " tag="042"><subfield code="a">msc</subfield></datafield><datafield ind1="0" ind2="0" tag="245"><subfield code="a">Twin Bridges independent.</subfield></datafield><datafield ind1=" " ind2=" " tag="260"><subfield code="a">Twin Bridges, Mont. :</subfield><subfield code="b">Twin Bridges Pub. Co.,</subfield><subfield code="c">1915-</subfield></datafield><datafield ind1=" " ind2=" " tag="300"><subfield code="a">v. :</subfield><subfield code="b">ill.</subfield></datafield><datafield ind1=" " ind2=" " tag="310"><subfield code="a">Weekly</subfield></datafield><datafield ind1="0" ind2=" " tag="362"><subfield code="a">Vol. 1, no. 1 (Sept. 24, 1915)-</subfield></datafield><datafield ind1=" " ind2=" " tag="752"><subfield code="a">United States</subfield><subfield code="b">Montana</subfield><subfield code="c">Madison</subfield><subfield code="d">Twin Bridges.</subfield></datafield><datafield ind1="0" ind2="5" tag="780"><subfield code="t">Virginia City times</subfield><subfield code="g">Apr. 1923</subfield><subfield code="w">(DLC)sn 86075320</subfield></datafield><datafield ind1="0" ind2="4" tag="785"><subfield code="t">Madison County forum</subfield><subfield code="g">Oct. 9, 1925</subfield><subfield code="w">(DLC)sn 85053258</subfield></datafield></record>